<?xml version="1.0" encoding="UTF-8"?><record xmlns="http://www.loc.gov/MARC21/slim" xmlns:cinclude="http://apache.org/cocoon/include/1.0" xmlns:zs="http://www.loc.gov/zing/srw/">
  <leader>01008cz  a2200253n  4500</leader>
  <controlfield tag="001">no 92000073 </controlfield>
  <controlfield tag="003">DLC</controlfield>
  <controlfield tag="005">20021116071310.0</controlfield>
  <controlfield tag="008">920102n| acannaabn          |a aaa     c</controlfield>
  <datafield tag="010" ind1=" " ind2=" ">
    <subfield code="a">no 92000073 </subfield>
  </datafield>
  <datafield tag="035" ind1=" " ind2=" ">
    <subfield code="a">(OCoLC)oca03083740</subfield>
  </datafield>
  <datafield tag="040" ind1=" " ind2=" ">
    <subfield code="a">InU-Mu</subfield>
    <subfield code="b">eng</subfield>
    <subfield code="c">InU-Mu</subfield>
    <subfield code="d">TxHU</subfield>
    <subfield code="d">PPi-MA</subfield>
  </datafield>
  <datafield tag="100" ind1="1" ind2=" ">
    <subfield code="a">Nowotny, Carl</subfield>
  </datafield>
  <datafield tag="400" ind1="1" ind2=" ">
    <subfield code="a">Nowotny, Charles</subfield>
  </datafield>
  <datafield tag="400" ind1="1" ind2=" ">
    <subfield code="a">Nowotny, C.</subfield>
    <subfield code="q">(Carl)</subfield>
  </datafield>
  <datafield tag="400" ind1="1" ind2=" ">
    <subfield code="a">Nowotny, Karl</subfield>
  </datafield>
  <datafield tag="400" ind1="1" ind2=" ">
    <subfield code="a">Novotny, Karl</subfield>
  </datafield>
  <datafield tag="400" ind1="1" ind2=" ">
    <subfield code="a">Novotny, Carl</subfield>
  </datafield>
  <datafield tag="670" ind1=" " ind2=" ">
    <subfield code="a">Bach, J.S. Sechs Sonaten fuĚr Violine und Klavier, 191-:</subfield>
    <subfield code="b">t.p. (Carl Nowotny)</subfield>
  </datafield>
  <datafield tag="670" ind1=" " ind2=" ">
    <subfield code="a">Duos concertants pour deux violons, 1998?:</subfield>
    <subfield code="b">t.p. (Charles Nowotny)</subfield>
  </datafield>
  <datafield tag="670" ind1=" " ind2=" ">
    <subfield code="a">Schubert, F. Ouverture zu Rosamunde, 2000:</subfield>
    <subfield code="b">t.p. (C. Nowotny)</subfield>
  </datafield>
  <datafield tag="670" ind1=" " ind2=" ">
    <subfield code="a">Macmillan enc. of music and musicians</subfield>
    <subfield code="b">(Nowotny (Novotny), Karl; b. Sept. 13, 1858, Vienna; Austrian violinist, conductor, and composer)</subfield>
  </datafield>
  <datafield tag="670" ind1=" " ind2=" ">
    <subfield code="a">MGG:</subfield>
    <subfield code="b">index (Novotny, Carl)</subfield>
  </datafield>
  <datafield tag="675" ind1=" " ind2=" ">
    <subfield code="a">Grovemusic WWW site, Nov. 15, 2002;</subfield>
    <subfield code="a">Riemann Musik Lexikon, 12. Aufl.;</subfield>
    <subfield code="a">Baker, 8th ed.</subfield>
  </datafield>
</record>